<record><leader>00000cas a22000007a 4500</leader><controlfield tag="001">4872008</controlfield><controlfield tag="008">790418d19331935lauwr ne      0    0eng d</controlfield><datafield ind1=" " ind2=" " tag="010"><subfield code="a">sn 89059261 </subfield></datafield><datafield ind1=" " ind2=" " tag="040"><subfield code="a">LUU</subfield><subfield code="b">eng</subfield><subfield code="c">LUU</subfield><subfield code="d">LNP</subfield><subfield code="d">OCLCF</subfield><subfield code="d">OCLCO</subfield></datafield><datafield ind1="1" ind2=" " tag="029"><subfield code="a">AU@</subfield><subfield code="b">000020561806</subfield></datafield><datafield ind1=" " ind2=" " tag="042"><subfield code="a">msc</subfield></datafield><datafield ind1=" " ind2=" " tag="090"><subfield code="a">H1</subfield><subfield code="b">.F66</subfield></datafield><datafield ind1="0" ind2=" " tag="130"><subfield code="a">Freedom (Baton Rouge, La.)</subfield></datafield><datafield ind1="0" ind2="0" tag="245"><subfield code="a">Freedom.</subfield></datafield><datafield ind1=" " ind2=" " tag="260"><subfield code="a">Baton Rouge, La. :</subfield><subfield code="b">A. D. St. Amant,</subfield></datafield><datafield ind1=" " ind2=" " tag="300"><subfield code="a">v.</subfield><subfield code="c">36 cm.</subfield></datafield><datafield ind1="0" ind2=" " tag="362"><subfield code="a">Vol. 1, no. 1 (Sept. 2, 1933)-v. 2, no. 17 (Feb. 28, 1935).</subfield></datafield><datafield ind1=" " ind2="0" tag="651"><subfield code="a">Baton Rouge (La.)</subfield><subfield code="v">Newspapers.</subfield></datafield><datafield ind1=" " ind2="7" tag="655"><subfield code="a">Newspapers.</subfield><subfield code="2">fast</subfield><subfield code="0">(OCoLC)fst01423814</subfield></datafield><datafield ind1=" " ind2="7" tag="651"><subfield code="a">Louisiana</subfield><subfield code="z">Baton Rouge.</subfield><subfield code="2">fast</subfield><subfield code="0">(OCoLC)fst01205202</subfield></datafield><datafield ind1=" " ind2=" " tag="752"><subfield code="a">United States</subfield><subfield code="b">Louisiana</subfield><subfield code="c">East Baton Rouge</subfield><subfield code="d">Baton Rouge.</subfield></datafield></record>